@article{baltag2021simple,
  title={A simple logic of functional dependence},
  author={Baltag, Alexandru and van Benthem, Johan},
  journal={Journal of Philosophical Logic},
  pages={1--67},
  year={2021},
  publisher={Springer}
}

@article{pierce2009model,
  title={Model-theory of vector-spaces over unspecified fields},
  author={Pierce, David},
  journal={Archive for Mathematical Logic},
  volume={48},
  number={5},
  pages={421--436},
  year={2009},
  publisher={Springer}
}
